@Book{wak09:coa,
  author = 	 {Wakeley, J.},
  title = 	 {Coalescent Theory: An Introduction},
  publisher = 	 {Roberts \& Company},
  address =      {Colorado},
  year = 	 2009}

@Article{liu15:exp,
  author = 	 {Liu, X. and Fu, Y.-X.},
  title = 	 {Exploring population size changes using {SNP} frequency spectra},
  journal = 	 {Nature Genetics},
  year = 	 2015,
  volume = 	 47,
  pages = 	 {555--562}}

@Article{kel16:eff,
  author = 	 {Kelleher, J. and Etheridge, A. and {McV}ean, G.},
  title = 	 {Efficient coalescent simulation and genealogical analysis for large sample sizes},
  journal = 	 {{PLoS} Comput. Biol.},
  year = 	 2016,
  volume = 	 12,
  pages = 	 {1--2}}
